<record><leader>00000cas a2200000 a 4500</leader><controlfield tag="001">15555673</controlfield><controlfield tag="008">870420d1uuu1944inuwr ne      0    0eng c</controlfield><datafield ind1=" " ind2=" " tag="010"><subfield code="a">sn 87055904 </subfield></datafield><datafield ind1=" " ind2=" " tag="040"><subfield code="a">NPI</subfield><subfield code="b">eng</subfield><subfield code="c">NPI</subfield><subfield code="d">NVF</subfield><subfield code="d">OCLCQ</subfield><subfield code="d">OCLCF</subfield><subfield code="d">OCLCO</subfield></datafield><datafield ind1=" " ind2=" " tag="042"><subfield code="a">pcc</subfield></datafield><datafield ind1=" " ind2=" " tag="043"><subfield code="a">n-us-in</subfield></datafield><datafield ind1="0" ind2=" " tag="130"><subfield code="a">Greenwood news (Greenwood, Ind.)</subfield></datafield><datafield ind1="1" ind2="4" tag="245"><subfield code="a">The Greenwood news.</subfield></datafield><datafield ind1=" " ind2=" " tag="260"><subfield code="a">Greenwood, Ind. :</subfield><subfield code="b">[s.n.]</subfield></datafield><datafield ind1=" " ind2=" " tag="310"><subfield code="a">Weekly</subfield></datafield><datafield ind1="0" ind2=" " tag="362"><subfield code="a">-51st year, no. 45 (Jan. 7, 1944).</subfield></datafield><datafield ind1=" " ind2=" " tag="588"><subfield code="a">Description based on: Vol. 29, no. 24 (July 28, 1921).</subfield></datafield><datafield ind1=" " ind2="0" tag="651"><subfield code="a">Greenwood (Johnson County, Ind.)</subfield><subfield code="v">Newspapers.</subfield></datafield><datafield ind1=" " ind2="7" tag="655"><subfield code="a">Newspapers.</subfield><subfield code="2">fast</subfield><subfield code="0">(OCoLC)fst01423814</subfield></datafield><datafield ind1=" " ind2="7" tag="651"><subfield code="a">Indiana</subfield><subfield code="z">Greenwood (Johnson County)</subfield><subfield code="2">fast</subfield><subfield code="0">(OCoLC)fst01315194</subfield></datafield><datafield ind1=" " ind2=" " tag="752"><subfield code="a">United States</subfield><subfield code="b">Indiana</subfield><subfield code="c">Johnson</subfield><subfield code="d">Greenwood.</subfield></datafield><datafield ind1="0" ind2="0" tag="780"><subfield code="a">Greenwood era</subfield></datafield><datafield ind1="0" ind2="7" tag="785"><subfield code="t">Franklin Democrat (Franklin, Ind.)</subfield><subfield code="w">(DLC)sn 84045410</subfield></datafield><datafield ind1="0" ind2="7" tag="785"><subfield code="t">Johnson County news</subfield><subfield code="w">(DLC)sn 85047656</subfield></datafield></record>